@article{Chorin,
	author =		"Alexandre Joel Chorin",
	title =			"Numerical Solution of the Navier-Stokes Equations",
	journal = 		"Mathematics of Computation",
	volume =		"22",
	number =		"104",
	pages =			"745--762",
	year =			"1968",
	month =			"October",
	DOI =			"https://doi.org/10.2307/2004575",
	publisher =		"American Mathematical Society"
}

@article{CFDpython,
	author =		"Lorena A. Barba and Gilbert F. Forsyth",
	title =			"CFD Python: the 12 steps to Navier-Stokes equations",
	journal =		"Journal of Open Source Education",
	volume =		"2",
	number =		"16",
	pages =			"21",
	year =			"2018",
	DOI =			"https://doi.org/10.21105/jose.00021"
}

@misc{BarbaCourse,
	author =		"Lorena A. Barba",
	title =			"ME 702 -- Computational Fluid Dynamics",
	publisher =		"YouTube",
	url =			"https://www.youtube.com/playlist?list=PL30F4C5ABCE62CB61"
}

@book{Epperson,
	author =		"James F. Epperson",
	title =			"An Introduction to Numerical Methods and Analysis",
	edition =		"Second Edition",
	year =			"2013",
	isbn =			"978-1-118-36759-9",
	publisher =		"John Wiley \& Sons, Inc.",
	address =		"Hoboken, New Jersey, USA"
}

@book{OsherFedkiw,
	author =		"Stanley Osher and Ronald Fedkiw",
	title =			"Level Set Methods and Dynamic Implicit Surfaces",
	year =			"2003",
	isbn =			"0-387-95482-1",
	journal =		"Applied Mathematical Sciences",
	volume =		"153",
	publisher =		"Springer--Verlag",
	address = 		"New York, NY, USA"
}

@misc{GtkSwitchReport,
	author =		"Viktor Fukala",
	title =			"gtk\_widget\_destroy on GtkSwitch inside a window segfaults",
	year =			"2021",
	month =			"March",
	publisher =		"GTK issue tracker",
	number =		"3720",
	url =			"https://gitlab.gnome.org/GNOME/gtk/-/issues/3720"
}

@misc{GtkmmSwitchReport,
	author =		"Marcin Osypka",
	title =			"using Gtk::Switch causes segmentation faults on window close",
	year =			"2020",
	month =			"December",
	publisher =		"gtkmm issue tracker",
	number =		"82",
	url =			"https://gitlab.gnome.org/GNOME/gtk/-/issues/1298"
}

@misc{GtkFlickerReport,
	author =		"Sergey Stepanov",
	title =			"GtkGLArea drawing issues during resize",
	year =			"2018",
	month =			"Augugst",
	publisher =		"GTK issue tracker",
	number =		"1298",
	url =			"https://gitlab.gnome.org/GNOME/gtk/-/issues/1298"
}

@misc{WikiNavierStokes,
	author =		"{Wikipedia contributors}",
	title =			"Navier-Stokes equations --- {W}ikipedia{,} The Free Encyclopedia",
	year =			"2021",
	url =			"https://en.wikipedia.org/wiki/Navier\%E2\%80\%93Stokes_equations",
	note =			"[Online; accessed 2021/03/21]"
}

@misc{WikiJacobi,
	author =		"{Wikipedia contributors}",
	title =			"Jacobi method --- {W}ikipedia{,} The Free Encyclopedia",
	year =			"2021",
	url =			"https://en.wikipedia.org/wiki/Jacobi\_method",
	note =			"[Online; accessed 2021/03/21]"
}

@misc{WikiGaussSeidel,
	author =		"{Wikipedia contributors}",
	title =			"Gauss-Seidel method --- {W}ikipedia{,} The Free Encyclopedia",
	year =			"2021",
	url =			"https://en.wikipedia.org/wiki/Gauss\%E2\%80\%93Seidel\_method",
	note =			"[Online; accessed 2021/03/21]"
}

@misc{WikiSOR,
	author =		"{Wikipedia contributors}",
	title =			"Successive over-relaxation --- {W}ikipedia{,} The Free Encyclopedia",
	year =			"2021",
	url =			"https://en.wikipedia.org/wiki/Successive\_over-relaxation",
	note =			"[Online; accessed 2021/03/21]"
}

@misc{WikiFEM,
	author =		"{Wikipedia contributors}",
	title =			"Finite element method --- {W}ikipedia{,} The Free Encyclopedia",
	year =			"2021",
	url =			"https://en.wikipedia.org/wiki/Finite\_element\_method",
	note =			"[Online; accessed 2021/03/21]"
}

@misc{Flowsquare,
	author =		"Yuki Minamoto",
	title =			"Flowsquare",
	subtitle =		"The free, handy, integrated, Computational Fluid Dynamics software",
	url =			"http://flowsquare.com/"
}

@misc{OpenFOAM,
	author =		"OpenCFD Ltd.",
	title =			"OpenFOAM",
	subtitle =		"The open source CFD toolbox",
	url =			"https://www.openfoam.com/"
}

@misc{cppreference,
	author =		"{cppreference contributors}",
	title =			"cppreference.com",
	url =			"https://en.cppreference.com/w/cpp"
}

@misc{gtkmm3,
	author =		"Murray Cumming et al.",
	title =			"Programming with gtkmm 3",
	version =		"3.24",
	url =			"https://developer.gnome.org/gtkmm-tutorial/3.24/"
}

@misc{gtkmm3ref,
	title =			"gtkmm Reference Manual",
	version =		"3.24",
	url =			"https://developer.gnome.org/gtkmm/3.24/"
}

@misc{gtk3ref,
	title =			"GTK+ 3 Reference Manual",
	url =			"https://developer.gnome.org/gtk3/stable/"
}

@misc{qt,
	author =		"The Qt Company",
	title =			"Qt",
	url =			"https://www.qt.io/"
}

@misc{openglref,
	author =		"The Khronos Group, Inc.",
	title =			"OpenGLÂ® 4.5 Reference Pages",
	url = 			"https://www.khronos.org/registry/OpenGL-Refpages/gl4/"
}

@misc{ffmpegdoc,
	title =			"Using liav*",
	url =			"https://trac.ffmpeg.org/wiki/Using\%20libav*"
}

@misc{cmakedoc,
	title =			"CMake Reference Documentation",
	url = 			"https://cmake.org/cmake/help/v3.20/#"
}

@misc{msys2,
	title =			"MSYS2",
	url =			"https://www.msys2.org/"
}
